%% This BibTeX bibliography file was created using BibDesk.
%% http://bibdesk.sourceforge.net/


%% Created for M C Kropinski  at 2014-06-03 10:28:48 -0700 


%% Saved with string encoding Unicode (UTF-8) 



@article{rothe:heat,
	Author = {Mary Catherine A.~Kropinski and Bryan Quaife},
	Date-Added = {2014-06-03 17:27:17 +0000},
	Date-Modified = {2014-06-03 17:28:48 +0000},
	Journal = {Comput. Math. Appl.},
	Number = {9},
	Pages = {2436--2446},
	Title = {Fast Integral Equation Methods for {R}othe's Method Applied to the Isotropic Heat Equation},
	Volume = {61},
	Year = {2011}}

@book{hackbusch,
	Address = {Basel},
	Author = {Hackbusch, Wolfgang},
	Doi = {10.1007/978-3-0348-9215-5},
	Isbn = {3-7643-2871-1},
	Mrclass = {45-01 (45L10 65-01 65R20)},
	Mrnumber = {1350296 (96h:45001)},
	Mrreviewer = {M. Z. Nashed},
	Note = {Theory and numerical treatment, Translated and revised by the author from the 1989 German original},
	Pages = {xiv+359},
	Publisher = {Birkh\"auser Verlag},
	Series = {International Series of Numerical Mathematics},
	Title = {Integral equations},
	Url = {http://dx.doi.org/10.1007/978-3-0348-9215-5},
	Volume = {120},
	Year = {1995},
	Bdsk-Url-1 = {http://dx.doi.org/10.1007/978-3-0348-9215-5}}

@book{fatAbramowitz,
	Address = {Washington, DC},
	Editor = {Olver, Frank W. J. and Lozier, Daniel W. and Boisvert, Ronald F. and Clark, Charles W.},
	Isbn = {978-0-521-14063-8},
	Mrclass = {33-00 (00A20 65-00)},
	Mrnumber = {2723248 (2012a:33001)},
	Note = {With 1 CD-ROM (Windows, Macintosh and UNIX)},
	Pages = {xvi+951},
	Publisher = {U.S. Department of Commerce National Institute of Standards and Technology},
	Title = {N{IST} handbook of mathematical functions},
	Year = {2010}}

@book{lebedev,
	Address = {New York},
	Author = {Lebedev, N. N.},
	Mrclass = {33-XX (69.00)},
	Mrnumber = {0350075 (50 \#2568)},
	Note = {Revised edition, translated from the Russian and edited by Richard A. Silverman, Unabridged and corrected republication},
	Pages = {xii+308},
	Publisher = {Dover Publications Inc.},
	Title = {Special functions and their applications},
	Year = {1972}}

@article{gaticas,
	Author = {Gatica, Gabriel N. and Hsiao, George C. and Sayas, Francisco-Javier},
	Coden = {NUMMA7},
	Doi = {10.1007/s00211-011-0414-z},
	Fjournal = {Numerische Mathematik},
	Issn = {0029-599X},
	Journal = {Numer. Math.},
	Mrclass = {65N30 (65N38 74F20 74S05 74S15)},
	Mrnumber = {2890297},
	Mrreviewer = {John A. Loustau},
	Number = {3},
	Pages = {465--487},
	Title = {Relaxing the hypotheses of {B}ielak-{M}ac{C}amy's {BEM}-{FEM} coupling},
	Url = {http://dx.doi.org/10.1007/s00211-011-0414-z},
	Volume = {120},
	Year = {2012},
	Bdsk-Url-1 = {http://dx.doi.org/10.1007/s00211-011-0414-z}}

@article{alpert,
	Author = {B.~K.~Alpert},
	Journal = {SIAM Journal on Scientific Computing},
	Pages = {1551--1584},
	Title = {{Hybrid Gauss-Trapezoidal Quadrature Rules}},
	Volume = {20},
	Year = {1999}}

@article{gemmrich,
	Author = {S.~Gemmrich and N.~Nigam and O.~Steinbach},
	Journal = {Mathematics and Computation, a Contemporary View},
	Pages = {21--37},
	Title = {{B}oundary {I}ntegral {E}quations for the {L}aplace-{B}eltrami {O}perator},
	Volume = {3},
	Year = {2008}}

@article{kro:nig2013,
	Author = {Mary Catherine A.~Kropinski and Nilima Nigam},
	Date-Modified = {2014-06-03 17:27:50 +0000},
	Journal = {Advances in Computational Mathematics},
	Pages = {577--596},
	Title = {{Fast integral equation methods of the Laplace-Beltrami equation on the sphere}},
	Volume = {40},
	Year = {2014}}

@article{gatica,
	Author = {Gatica, Gabriel N. and Hsiao, George C. and Sayas, Francisco-Javier},
	Coden = {NUMMA7},
	Doi = {10.1007/s00211-011-0414-z},
	Fjournal = {Numerische Mathematik},
	Issn = {0029-599X},
	Journal = {Numer. Math.},
	Mrclass = {65N30 (65N38 74F20 74S05 74S15)},
	Mrnumber = {2890297},
	Mrreviewer = {John A. Loustau},
	Number = {3},
	Pages = {465--487},
	Title = {Relaxing the hypotheses of {B}ielak-{M}ac{C}amy's {BEM}-{FEM} coupling},
	Url = {http://dx.doi.org/10.1007/s00211-011-0414-z},
	Volume = {120},
	Year = {2012},
	Bdsk-Url-1 = {http://dx.doi.org/10.1007/s00211-011-0414-z}}

@article{kro:qua2011,
	Author = {M.C.~Kropinski and B.D.~Quaife},
	Journal = {Journal of Computational Physics},
	Pages = {425--434},
	Title = {Fast integral equation methods for the modified {H}elmholtz equation},
	Volume = {230},
	Year = {2011}}

@phdthesis{qua2011,
	Author = {Bryan Quaife},
	School = {Simon Fraser University},
	Title = {{Fast Integral Equation Methods for the Modified Helmholtz Equation}},
	Year = {2011}}

@article{bir:yin:zor2006,
	Author = {L.~Ying and G.~Biros and D.~Zorin},
	Journal = {Journal of Computational Physics},
	Pages = {247--275},
	Title = {{A High-order 3D Boundary Integral Equation Solver for Elliptic {PDE}s in Smooth Domains}},
	Volume = {219},
	Year = {2006}}

@article{klo:bar:gre:one2012,
	Author = {Andreas Kl\"{o}ckner and Alexander Barnett and Leslie Greengard and Michael O'Neil},
	Journal = {arxiv},
	Note = {1207.4461},
	Title = {{Quadrature by Expansion: A New Method for the Evaluation of Layer Potentials}},
	Year = {2012}}

@article{hel:oja2008,
	Author = {Johan Helsing and Rikard Ojala},
	Journal = {Journal of Computational Physics},
	Pages = {2899--2921},
	Title = {On the evaluation of layer potentials close to their sources},
	Volume = {227},
	Year = {2008}}

@manual{hel2013,
	Author = {Johan Helsing},
	Title = {{Solving integral equations on piecewise smooth boundaries using the RCIP method: a tutorial}},
	Year = {2013}}

@article{gre:rok1987,
	Author = {L.~Greengard and V.~Rokhlin},
	Journal = {Journal of Computational Physics},
	Pages = {325--348},
	Title = {{A Fast Algorithm for Particle Simulations}},
	Volume = {73},
	Year = {1987}}
